2595 3548
451 225 521 283 η
893 206 1968 267 HERPETOLOGIAE

221 355 300 394 CL.
332 353 361 391 1.
448 341 487 396 Ι.
528 341 794 396 CAPITE
831 338 1290 394 D1scn13'ro—

316 404 426 463 an,
520 414 968 468 ILCOLUBER.
1047 396 1547 466 AYI'AIOAONi

640 486 859 533 lafficinia
885 485 1063 541 bibere,
1098 485 1322 537 interdum
1346 485 1738 533 conclamantibus
1773 486 1923 547 pueris
1955 484 2212 533 cochlearia
2239 485 2438 532 inverte·

639 566 688 596 re
713 550 768 595 de
800 549 939 596 fundo
967 549 1194 601 bibentes,
1232 564 1316 594 nec
1342 550 1447 595 dum
1483 550 1676 597 satiatos.
1744 552 1873 596 Conf.
1914 549 2097 597 historia
2135 549 2253 611 apud
2283 551 2433 610 Sulpic.

639 612 756 658 Dial.
787 628 825 659 1⁴
851 628 891 658 c.
919 627 961 669 5'.
986 629 1010 659 a
1029 613 1066 673 J.
1092 613 1131 672 J.
1155 613 1426 659 Scheuchzero
1452 612 1579 675 Phys.
1600 614 1643 658 S.
1673 613 1902 661 recensita.
1930 615 2118 660 AElictnus
2145 615 2216 660 lib.
2245 627 2366 673 17.c.
2387 625 2431 668 5.

638 691 696 723 ex
732 677 953 723 Plutarcho
986 674 1148 723 refert:
1193 678 1431 737 Serpentes
1455 678 1678 738 quondam
1717 677 1830 724 adeo
1854 679 2108 726 mansuetos
2133 677 2257 724 fuiss'e
2290 676 2435 724 reddi-

641 753 738 793 tos,
771 752 822 785 ut
843 741 1006 801 absque
1030 756 1149 786 noxa
1178 754 1282 785 cum
1309 741 1361 787 iis
1386 740 1562 789 luserint
1589 741 1806 799 infantes,
1845 741 1894 789 ἃ
1928 742 2075 804 digitis
2110 741 2433 804 crepitantibus

642 805 918 866 prolexerint
949 820 1007 852 ex
1036 803 1244 851 latibulis.
1308 806 1508 852 Lucanus
1528 805 1583 852 de
1603 806 1779 868 Psyllis:
2151 816 2161 821 ·

1506 969 1613 978 —-—
1646 943 1827 1005 Pignora
1844 947 1983 1004 gentis

846 1009 1013 1070 Psyllus
1040 1009 1183 1063 habet,
1211 1006 1252 1067 fi
1276 1009 1363 1066 quis
1391 1008 1520 1052 ταὲἶος
1538 1024 1614 1053 non
1632 1009 1788 1064 horruit
1811 1023 1990 1068 angues,

848 1075 896 1120 Si
919 1076 1007 1134 quis
1026 1073 1184 1118 donavit
1208 1071 1302 1128 lustr
1313 1069 1572 1132 serpentibus
1592 1069 1749 1131 infans.

643 1210 702 1256 Et
725 1208 834 1258 teste
859 1210 1069 1258 Vincentio
1100 1210 1132 1255 Ie
1153 1209 1281 1255 Blanc
1313 1209 1358 1255 P.
1385 1208 1440 1254 Il.
1475 1223 1515 1254 c.
1549 1222 1625 1268 23.
1672 1208 1720 1255 In
1757 1208 1984 1256 montibus
2017 1204 2301 1270 Segelmess‘ae
2324 1207 2436 1253 vici-

646 1275 715 1320 nis
741 1273 1074 1322 familiarissime
1099 1272 1287 1320 traetant
1326 1274 1551 1334 serpentes
1583 1273 1783 1320 Africani
1821 1277 1945 1334 pueri
1983 1272 2175 1319 ludendo
2221 1287 2326 1318 cum
2357 1273 2434 1317 eis„

645 1339 787 1384 tabat
811 1339 936 1402 Voy.
961 1340 1015 1385 de
1047 1338 1230 1384 I’Amer.
1267 1338 1296 1384 1.
1333 1353 1376 1398 p.
1404 1342 1513 1395 428.
1547 1375 1578 1395 ,‚
1596 1339 1678 1384 Les
1701 1338 1892 1397 Serpens
1919 1335 1967 1383 <Sc
1990 1338 2051 1383 les
2079 1337 2316 1382 Couleuvres
2342 1333 2436 1381 leui·

642 1439 675 1461 „
711 1401 813 1450 font
837 1419 923 1450 une
944 1417 1104 1465 guerre
1125 1401 1398 1447 continuelle
1419 1401 1522 1447 aussi
1547 1404 1648 1448 bien
1667 1404 1824 1460 qu’aux
1850 1401 1960 1446 Rats
1986 1400 2033 1445 δι
2058 1415 2143 1446 aux
2165 1399 2332 1446 Piloris.
2380 1399 2438 1444 E-

645 1501 676 1523 „
715 1477 806 1513 tant
832 1482 889 1511 un
911 1468 1016 1528 jour
1039 1467 1148 1510 dans
1170 1467 1208 1510 le
1233 1466 1355 1519 bois,
1394 1479 1482 1511 une
1508 1464 2049 1524 Couleuvre:poursuivoit
2084 1479 2172 1509 une
2198 1463 2440 1509 Grenouil·

643 1562 678 1588 „
714 1530 780 1586 le,
818 1530 892 1591 qui
927 1531 966 1575 la
993 1530 1078 1589 prit
1101 1529 1124 1574 a
1146 1526 1209 1574 fix
1233 1542 1292 1573 ou
1320 1527 1417 1588 sept
1441 1544 1519 1590 pas
1549 1530 1604 1575 de
1628 1542 1755 1573 nous.
1826 1528 1877 1589 Je
1919 1527 2041 1573 n'eus
2079 1527 2215 1589 garde
2249 1527 2304 1573 de
2333 1527 2437 1573 tirer

647 1629 681 1652 „
716 1593 783 1640 sur
810 1594 849 1639 la
875 1595 1260 1640 Couleuvresoutre
1287 1592 1443 1653 qu⁷elle
1468 1592 1537 1638 n'a
1561 1593 1688 1654 point
1717 1591 1772 1638 de
1798 1591 1935 1638 venin
1951 1628 1961 1646 ‚
1982 1592 2065 1638 elle
2087 1590 2152 1637 est
2172 1593 2353 1638 ennemie
2374 1590 2435 1636 du

649 1665 681 1717 „'
713 1658 977 1718 Serpent‚lui
999 1657 1079 1702 fait
1104 1658 1141 1702 la
1166 1671 1348 1716 guerre,
1364 1654 1413 1702 ἃ
1436 1657 1475 1701 le
1500 1672 1691 1718 mange,
1728 1654 1774 1702 ὅ(
1796 1669 1900 1716 pour
1932 1666 2034 1702 cette
2059 1654 2193 1716 raison
2219 1670 2276 1700 on
2297 1670 2352 1701 ne
2377 1653 2439 1699 lui

648 1757 677 1780 „
714 1721 793 1768 fait
812 1721 971 1783 jamais
994 1721 1048 1767 de
1082 1722 1184 1765 mal.
1256 1721 1339 1766 Les
1366 1720 1606 1766 Couleztvres
1630 1719 1727 1766 sont
1753 1721 2013 1766 mechantes
2035 1755 2047 1775 ,
2085 1721 2235 1780 quand
2260 1732 2321 1764 on
2345 1718 2446 1764 leur.

647 1820 679 1844 „
711 1787 825 1846 jette
852 1786 927 1831 des
955 1786 1147 1844 pierres,
1183 1781 1231 1829 &
1254 1783 1389 1844 qu'on
1415 1784 1509 1831 leur
1538 1783 1618 1830 fair.
1652 1799 1868 1844 manquer
1891 1785 1951 1830 les
1982 1785 2220 1839 animaux,
2258 1781 2442 1843 qu'elles

647 1885 678 1906 „
713 1848 1016 1909 poursuivent.
1046 1865 1086 1907 p.
1117 1861 1227 1904 430.
1268 1848 1458 1903 Coluber‚
1494 1850 1620 1908 cujus
1643 1849 1929 1892 mentionem
1952 1848 2064 1893 fecit
2089 1846 2438 1906 austordongi-

652 1913 807 1959 tudine
831 1911 1106 1958 fuitcirciter
1134 1913 1208 1960 10'.
1249 1910 1349 1977 Qua
1377 1925 1486 1956 vero
1508 1909 1678 1956 ratione
1704 1910 1870 1954 Coluber
1891 1924 1993 1954 cum
2019 1910 2216 1971 Serpente
2240 1909 2441 1956 duellum

651 1979 799 2032 ineat,
837 1976 911 2021 vid
963 1976 1103 2019 Labac
1134 1976 1192 2018 ib.
1228 1989 1271 2032 p.
1309 1989 1367 2031 43
1385 1990 1419 2019 1.
1492 1974 1643 2036 Quem
1687 1972 1938 2033 descripsit,
1975 1985 2096 2033 caput
2128 1974 2286 2033 habuit
2318 1975 2442 2020 elon—

651 2053 808 2101 gatum
839 2037 889 2084 ἃ
924 2038 1215 2083 rotundatum
1247 2049 1382 2095 prout
1412 2038 1625 2098 anguilla,
1675 2051 1812 2097 quum
1848 2038 2062 2097 Serpentes
2091 2036 2285 2084 habeant
2309 2052 2447 2100 caput

650 2100 901 2165 depressum
926 2101 974 2147 ἃ
1002 2100 1092 2148 fere
1117 2101 1414 2161 triangulare3
1450 2115 1548 2160 quae
1573 2100 1928 2147 differentiarum
1953 2116 2072 2147 notae
2092 2102 2203 2148 mihi
2228 2103 2305 2148 vix
2330 2101 2444 2148 suffi-
2476 2131 2479 2134 >

651 2184 755 2214 cere
778 2167 1000 2213 videntur.
1066 2166 1115 2211 In
1154 2164 1289 2210 insula
1314 2166 1558 2224 Dominiqme
1592 2165 1820 2225 Serpentis
1859 2165 2029 2224 species
2068 2165 2328 2212 observavit
2356 2167 2444 2211 La-

231 2247 410 2283 Cm-ocn-
656 2235 802 2286 batus,
848 2246 943 2288 quae
979 2243 1158 2275 veneno
1192 2242 1369 2282 carent,
1409 2230 1734 2275 CYNoctPHAtr
1770 2227 1903 2288 (tates
1930 2231 1975 2275 de
2003 2230 2156 2291 Chien)
2194 2230 2444 2288 nominati,

231 2306 360 2333 mm.
655 2296 774 2357 quod
807 2294 906 2340 satis
939 2291 1124 2339 crassum
1153 2290 1201 2338 ἃ
1225 2294 1363 2338 breve
1387 2305 1521 2352 caput
1557 2292 1733 2339 habent.
1804 2293 1873 2339 Ex
1906 2294 2092 2339 thciano
2122 2307 2307 2355 apparet
2343 2296 2443 2341 Ser-

656 2371 812 2422 pentes
841 2356 1095 2419 AEsculapios
1117 2355 1168 2402 δε
1192 2358 1399 2402 Dracones
1421 2369 1613 2402 vocatos
1638 2357 1842 2415 Pettffl,
1881 2357 2169 2419 romanisque
2192 2360 2444 2420 anguibus,

658 2423 870 2469 Cnuvom
895 2421 1055 2476 dicius,
1081 2436 1169 2465 non
1206 2420 1453 2475 absimiles,
1494 2421 1695 2482 benignis
1719 2420 1766 2466 ἃ
1802 2423 2037 2478 innocuis,
2073 2436 2208 2482 quos,
2256 2423 2446 2470 testante

662 2488 736 2548 Jo.
769 2487 903 2533 Fabro
944 2487 1120 2546 Lynceo,
1149 2482 1367 2530 Romanae
1402 2483 1584 2531 feminae
1609 2485 1725 2545 saepe
1762 2485 1804 2532 in
1835 2485 1958 2542 sinu,
1997 2486 2129 2546 aliqui
2154 2489 2197 2533 in
2227 2485 2345 2533 lecito
2378 2488 2445 2534 fo-

659 2564 794 2607 vent,
833 2550 1010 2611 plurimi
1044 2550 1178 2594 etiam
1226 2564 1385 2594 eorum
1432 2550 1639 2609 carnibus
1678 2565 1767 2595 non
1800 2550 1950 2603 aliter,
1998 2563 2052 2594 ac
2087 2549 2118 2595 fi
2149 2552 2447 2613 auguill-sees-

658 2616 779 2672 sent,
818 2614 1069 2660 vescuntur.
1150 2612 1285 2676 Quod
1312 2612 1437 2671 supra
1469 2613 1522 2658 de
1554 2614 1772 2673 anguibus
1807 2613 2083 2660 Lithuanicis
2116 2630 2450 2663 commentatus

657 2679 753 2727 sum
774 2715 786 2734 ‚
821 2678 863 2725 id
887 2678 1003 2725 idem
1030 2677 1162 2722 Faber
1194 2677 1346 2722 Anim.
1373 2691 1508 2722 novae
1534 2677 1659 2737 Hisp.
1698 2694 1738 2738 p.
1764 2683 1871 2735 805.
1907 2681 2200 2738 comprobat,
2236 2681 2307 2741 qui
2340 2695 2449 2727 cum

655 2742 922 2791 rusticorum
951 2742 1191 2789 infantibus
1217 2742 1449 2787 multoties
1472 2741 1513 2787 in
1541 2741 1666 2787 cunis
1687 2744 1875 2802 reperti,
1913 2758 2017 2788 cum
2056 2743 2120 2789 liis
2152 2759 2317 2806 panem
2348 2744 2453 2793 laeti

658 2808 861 2855 intritum
899 2807 1034 2854 etiam
1071 2821 1127 2852 ex
1155 2806 1309 2852 eadem
1347 2806 1577 2851 communi
1606 2806 1755 2866 patina
1787 2809 2085 2862 comederint,
2136 2825 2218 2855 nec
2252 2809 2334 2855 hos
2369 2826 2448 2855 un·

659 2887 794 2934 quam
820 2871 1121 2925 offenderint,
1158 2871 1406 2931 domosque
1430 2870 1523 2916 illas
1550 2871 1681 2916 valde
1711 2884 1940 2930 reputatas
1973 2873 2026 2917 ab
2059 2874 2217 2920 incolis
2249 2874 2450 2919 fortuna·

659 2951 725 2985 tas
753 2934 902 2993 fuisse,
920 2936 962 2982 in
988 2934 1145 2996 quibus
1173 2934 1214 2980 hi
1236 2936 1472 2993 Serpentes
1498 2933 1819 2981 oberraverint.
1847 2936 1905 2982 Et
1931 2938 2059 2982 Olaus
2085 2939 2153 2984 M.
2173 2938 2197 2982 l.
2218 2950 2290 2982 21.
2316 2951 2355 2983 c.
2372 2952 2448 2996 30.

662 3038 696 3062 ‚,
732 3003 844 3047 Sunt
865 3000 999 3046 etiam
1023 2997 1258 3045 domestici
1283 2999 1534 3059 serpentes,
1573 3012 1617 3064 ut
1644 2999 1829 3062 Penates
1852 3001 1895 3047 in
1931 3003 2164 3061 Aquilonis
2198 3015 2323 3047 extra
2357 3003 2449 3062 pla-

663 3104 694 3125 „
731 3081 834 3126 gam
860 3063 1082 3125 reputati,
1123 3064 1198 3123 qui
1225 3063 1337 3109 lacte
1365 3062 1555 3108 vaccino
1586 3065 1656 3118 vel
1696 3065 1838 3110 ovino
1871 3068 2027 3112 nutriti
2063 3081 2166 3111 cum
2203 3064 2448 3114 infantibus

663 3168 694 3190 „
727 3131 805 3178 sub
827 3128 954 3178 teffis
987 3127 1172 3186 ludunt,
1190 3126 1238 3176 ἃ
1262 3129 1525 3190 plerumque
1546 3127 1590 3176 in
1615 3130 1739 3176 cunis
1765 3142 1812 3176 ut
1833 3129 1911 3178 fidi
1935 3129 2136 3177 custodes
2159 3129 2356 3176 dormire
2379 3131 2448 3176 vi-

2282 3230 2309 3252 „
2345 3194 2451 3246 den-

232 2460 426 2497 Cartvom.
