2595 3548
400 217 473 274 50
867 198 1943 257 HERPETOLOGIAE

398 331 582 406 guium
615 332 877 386 interanea
914 326 1194 399 dentesque
1235 329 1317 381 vel
1360 328 1515 383 oculis
1566 328 1774 384 lethales
1812 329 2125 387 aversantur.
2200 372 2237 404 „
2278 336 2399 394 Huc

400 444 440 474 2,
481 406 611 462 trahi
637 403 830 475 potest,
869 401 1008 474 quod
1041 402 1208 473 inquit
1244 401 1331 469 Jo.
1372 402 1544 458 Faber
1568 403 1817 473 Lynceus,
1859 423 1936 459 res
1974 406 2198 463 inlolens
2227 410 2403 482 profe-

398 514 434 549 ³,
473 479 559 534 Cto
586 479 641 532 δε
664 475 963 531 admiranda
998 474 1231 540 videtur,
1274 473 1416 545 quod
1453 476 1688 532 homines
1708 479 1991 547 nimirum,
2029 499 2148 535 cum
2181 502 2288 538 non
2326 486 2398 539 vi-

402 591 438 621 „
475 555 550 607 sos
577 549 735 604 modo
761 548 846 604 libi
875 546 1567 622 Serpentesexhorrescant,
1607 550 1691 607 sed
1716 552 1803 606 ubi
1827 552 1921 608 hos
1958 568 2131 609 mente
2168 555 2224 611 Sc
2259 559 2400 629 cogi-

399 664 442 694 „
481 624 709 689 tatione,
747 624 855 678 imo
878 642 968 695 per
994 623 1230 694 somnum
1257 622 1582 678 solummodo
1615 625 2130 697 comprehenderint,
2157 627 2287 685 adeo
2315 649 2405 702 pa-

401 738 440 767 „
480 710 636 753 veant
663 697 876 753 subinde
899 697 955 752 δε
982 697 1411 763 contremiscant,
1450 709 1509 752 ut
1544 697 1715 753 saltem
1743 718 1857 754 non
1891 703 2068 756 animo
2101 705 2403 775 linquantur

399 812 435 843 3,
473 772 529 826 &
553 784 696 827 extra
721 773 765 826 se
788 772 887 827 toti
915 773 1191 842 rapiantur.
1207 771 1237 794 ’⁷
1317 770 1547 826 Multum
1571 771 1634 826 ad
1676 772 1936 846 stuporem
1982 775 2255 831 conferunt
2305 777 2404 831 stu-

398 845 570 919 penda
597 849 777 916 plane,
809 865 922 919 quae
955 845 1019 901 de
1044 846 1280 917 Bafilisco
1304 844 1361 900 &
1393 847 1714 902 Draconibus
1739 866 1768 901 a
1796 849 1989 915 Plinio³
2006 851 2164 904 Solimo
2180 888 2197 913 ,
2223 851 2408 906 Alber-

400 932 480 985 to,
517 920 760 979 AElt'am,
799 923 853 976 &
895 921 1004 975 aliis
1040 920 1351 974 referuntur.
1429 920 1575 986 Quid
1609 920 1827 976 dixerim
1854 921 1918 976 de
1945 924 2073 978 Auli
2104 925 2258 978 Gellii
2292 926 2321 977 l.
2350 926 2402 978 6.

395 1013 439 1050 c.
475 1010 521 1063 3.
563 997 814 1065 Serpente
837 992 1090 1048 inufitatae
1115 990 1492 1065 magnitudinis
1509 1030 1526 1057 ,
1558 994 1728 1064 primo
1754 995 1887 1049 bello
1911 998 2100 1067 punico
2125 997 2188 1050 ab
2212 999 2407 1051 Attilio

396 1068 603 1141 Regulo
650 1069 877 1122 Consule
918 1068 973 1120 in
1009 1066 1191 1121 Africa
1231 1066 1370 1120 visa?
1424 1064 1683 1120 Adversus
1735 1086 1887 1138 quam
1937 1070 2165 1139 praelium
2205 1069 2405 1141 grande

395 1155 548 1213 atque
574 1159 687 1197 acre
718 1140 873 1206 fecit,
912 1157 1127 1213 eamque
1152 1157 1345 1212 magna
1371 1139 1529 1194 totius
1553 1140 1805 1195 exercitus
1843 1140 2262 1207 conflicfitatione‚
2301 1143 2406 1197 bal-

395 1216 513 1271 listis
548 1215 604 1271 &
636 1215 905 1288 catapultis
938 1213 1025 1269 diu
1060 1213 1417 1288 oppugnavit,
1463 1218 1673 1284 eJusque
1711 1214 1993 1269 interfeetae
2030 1216 2256 1282 corium,
2295 1235 2406 1271 cen-

396 1299 502 1346 tum
519 1289 592 1356 &⁹
613 1293 806 1361 viginti
827 1289 974 1362 pedes
1001 1290 1226 1361 longum
1251 1287 1479 1342 Romam
1508 1286 1641 1341 milit
1667 1319 1739 1326 —
1756 1288 1903 1361 Quid
1930 1286 1993 1343 de
2025 1290 2151 1344 Olcci
2178 1289 2258 1342 M.
2286 1291 2404 1344 Ser-

396 1377 557 1436 pente
593 1362 850 1419 ducentos
896 1360 1054 1435 pedes
1095 1363 1288 1434 longo?
1330 1363 1382 1416 A
1422 1362 1507 1415 via
1541 1361 1861 1427 aberrarem,
1901 1361 1937 1416 fi
1966 1363 2018 1416 in
2045 1380 2252 1416 arenam
2285 1381 2407 1420 cum

396 1437 452 1490 D
470 1454 554 1489 ΒΑ
572 1452 735 1488 com
755 1454 789 1488 B
807 1452 883 1488 Us
917 1433 1308 1496 descenderem,
1348 1435 1435 1502 qui
1464 1434 1613 1486 variis
1637 1436 1913 1488 nationum
1943 1435 2133 1507 linguis
2173 1454 2281 1490 uno
2317 1426 2406 1490 ’ἕο-

397 1505 616 1578 demque
644 1505 918 1562 Vocabulo
947 1507 1284 1578 appellantur.
1364 1504 1763 1561 MONSTROR
1781 1523 1874 1561 UM
1915 1506 2122 1577 quidem
2146 1510 2406 1581 Serpenti-

396 1601 529 1638 num
556 1599 717 1654 genus
748 1582 1003 1653 particeps
1030 1578 1125 1633 effe
1153 1598 1265 1634 non
1292 1597 1568 1653 negarem3
1599 1597 1779 1634 verum
1812 1579 1868 1636 &
1892 1582 2095 1636 illorum
2124 1584 2264 1638 causa
2291 1600 2408 1653 per·
2484 1582 2489 1588 ’

395 1655 571 1712 multis
599 1654 780 1708 fabulis
805 1653 1072 1724 inquinata
1097 1652 1305 1725 legitur.
1387 1653 1506 1707 Huc
1530 1652 1727 1708 faciunt
1762 1653 2089 1710 Aldrovandi
2126 1656 2405 1726 Serpentes

395 1725 667 1786 monstrosi
694 1728 749 1784 &
785 1725 933 1799 ipsius
966 1726 1137 1781 Fabri
1172 1725 1390 1792 Lyncei,
1431 1744 1582 1797 quam
1613 1745 1663 1799 p.
1695 1741 1820 1798 797.
1866 1728 1920 1782 in
1954 1729 2106 1784 icone
2139 1729 2408 1810 repraesen-

395 1815 473 1857 tat
490 1840 508 1868 9
549 1802 926 1874 Amphisbaena
963 1802 1244 1872 Europaea3
1298 1818 1366 1855 ne
1402 1799 1570 1855 dicam
1608 1800 1672 1856 de
1707 1799 1887 1858 fabulis
1926 1800 2132 1858 intrusis
2169 1820 2222 1856 in
2259 1801 2410 1858 histo-

396 1877 526 1929 riam
569 1876 913 1928 ANGUIUM
958 1876 1227 1923 CAPITE
1267 1875 1735 1932 huniscum-xro,
1787 1876 2033 1922 CAUDA
2085 1875 2409 1943 TRUNCA-

398 1963 488 2002 TA
526 1945 628 2018 (de
655 1946 836 2016 quibus
859 1961 984 1995 mox
1005 1944 1044 2009 ).
1088 1941 1229 1993 Inter
1252 1955 1448 1994 naturae
1472 1940 1716 1994 miracula
1740 1958 1944 2012 quoque
1974 1941 2270 1998 referuntur
2293 1948 2411 2001 Ser·
2435 1997 2438 1999 ,

398 2033 582 2093 pentes
615 2015 858 2085 anserinis
896 2010 1110 2085 pedibus
1149 2013 1339 2077 Plinii,
1377 2012 1564 2083 aliique
1599 2012 1915 2068 insolitarum
1951 2016 2183 2088 corporis
2219 2019 2408 2090 figura-

398 2094 620 2148 tionum.
696 2087 909 2145 Addam
935 2087 1195 2140 insolitum
1221 2084 1368 2158 quid:
1413 2103 1478 2140 ex
1503 2084 1771 2143 Thesauro
1804 2089 2103 2144 animalium
2143 2090 2279 2144 vivis
2316 2110 2402 2148 co-

396 2167 588 2223 loribus
633 2163 842 2238 egregie
879 2159 1137 2234 ρίέὶοωῐῃ
1152 2198 1169 2224 ,
1222 2177 1374 2231 quem
1416 2160 1541 2215 olim
1586 2159 1802 2233 poss'edit
1852 2163 2083 2219 Celebris
2117 2162 2407 2236 Polyhistor

397 2243 474 2319 Jo
490 2259 523 2296 Β
538 2258 569 2295 U
589 2256 614 2294 s
658 2239 703 2292 L
719 2255 751 2291 u
767 2254 803 2290 D
817 2252 853 2289 o
872 2251 901 2287 L
915 2252 941 2287 P
956 2251 993 2287 H
1009 2251 1043 2289 U
1062 2252 1082 2287 s
1097 2271 1113 2298 ,
1154 2231 1254 2287 sive
1284 2232 1472 2288 dixeris
1499 2235 1804 2306 Serpentem
1828 2234 1929 2291 five
1955 2236 2232 2292 Lacertum
2248 2257 2401 2294 mon-

396 2317 637 2376 strosum,
678 2323 948 2365 DUOBUS
986 2322 1280 2361 PEDlssus
1322 2319 1774 2376 LACERT1Nis‚
1817 2310 1947 2365 Tab.
1988 2310 2024 2366 Ι.
2064 2315 2202 2378 cujus
2226 2322 2404 2369 tamen

399 2387 603 2444 historia
630 2402 715 2439 me
740 2386 880 2441 latet.
921 2380 1027 2440 Sed
1048 2382 1204 2438 mitto
1230 2380 1458 2452 insolita3
1482 2381 1547 2438 ad
1573 2381 1733 2439 finem
1759 2382 1905 2454 hujus
1930 2383 2319 2439 TENTAMIN
2338 2402 2402 2442 is

403 2477 706 2536 properans.

2093 3194 2134 3265 §-
2173 3184 2404 3253 XXIV}
